<?xml version="1.0" encoding="UTF-8"?><collection xmlns="http://www.loc.gov/MARC21/slim"><record><leader>00425nam--2200169-u-4500</leader><controlfield tag="001">000056430</controlfield><controlfield tag="002">20161230</controlfield><controlfield tag="005">20161230201052</controlfield><controlfield tag="008">151008s1000------------r-----000-0-rus-d</controlfield><datafield ind1=" " ind2=" " tag="040"><subfield code="a">IFIN-HH</subfield></datafield><datafield ind1=" " ind2=" " tag="041"><subfield code="a">rus</subfield></datafield><datafield ind1=" " ind2=" " tag="080"><subfield code="a">53:536(075.8)</subfield></datafield><datafield ind1="1" ind2=" " tag="100"><subfield code="a">Sivuhin, D.B</subfield></datafield><datafield ind1="1" ind2="0" tag="245"><subfield code="a">Obsei kurs fiziki tom ii. termodinamika i molekuliarnaia fizika</subfield><subfield code="c">D.b. sivuhin</subfield></datafield><datafield ind1=" " ind2=" " tag="260"><subfield code="a">Moskva</subfield><subfield code="b">Nauka</subfield><subfield code="c">1990</subfield></datafield><datafield ind1=" " ind2=" " tag="300"><subfield code="a">591P</subfield></datafield><datafield ind1=" " ind2=" " tag="852"><subfield code="a">79436</subfield></datafield></record></collection>